% Encoding: UTF-8

@Article{Smith2000,
  author     = {Alan Smith and Brian Jones and Cynthia Anderson},
  title      = {Example title of a journal article},
  journal    = {ASEAN J Sci Technol Dev},
  year       = {2000},
  volume     = {12},
  number     = {3},
  pages      = {1--10},
  doi        = {10.29037/ajstd.123},
}